<?xml version="1.0" encoding="UTF-8"?>
<record xmlns="http://www.loc.gov/MARC21/slim" xmlns:zs="http://docs.oasis-open.org/ns/search-ws/sruResponse">
 <leader>
  06206cpcaa22006857i 4500
 </leader>
 <controlfield tag="001">
  20317401
 </controlfield>
 <controlfield tag="005">
  20230720105113.0
 </controlfield>
 <controlfield tag="008">
  180130i18831957xxu                 eng
 </controlfield>
 <datafield ind1=" " ind2=" " tag="906">
  <subfield code="a">
   7
  </subfield>
  <subfield code="b">
   cbc
  </subfield>
  <subfield code="c">
   orignew
  </subfield>
  <subfield code="d">
   u
  </subfield>
  <subfield code="e">
   ncip
  </subfield>
  <subfield code="f">
   20
  </subfield>
  <subfield code="g">
   y-folklife
  </subfield>
 </datafield>
 <datafield ind1=" " ind2=" " tag="955">
  <subfield code="a">
   kere 2018-01-30
  </subfield>
  <subfield code="a">
   masmit 2022-10-11
  </subfield>
  <subfield code="a">
   masmit 2022-10-13
  </subfield>
  <subfield code="a">
   masmit 2022-11-23
  </subfield>
  <subfield code="a">
   masmit 2022-12-05
  </subfield>
  <subfield code="a">
   sludewig 2023-06-30
  </subfield>
  <subfield code="a">
   vmor 2023-07-18
  </subfield>
 </datafield>
 <datafield ind1=" " ind2=" " tag="010">
  <subfield code="a">
   2018655205
  </subfield>
 </datafield>
 <datafield ind1=" " ind2=" " tag="040">
  <subfield code="a">
   DLC
  </subfield>
  <subfield code="b">
   eng
  </subfield>
  <subfield code="e">
   dacs
  </subfield>
  <subfield code="c">
   DLC
  </subfield>
  <subfield code="d">
   DLC
  </subfield>
 </datafield>
 <datafield ind1=" " ind2=" " tag="041">
  <subfield code="a">
   eng
  </subfield>
  <subfield code="a">
   mul
  </subfield>
 </datafield>
 <datafield ind1=" " ind2=" " tag="043">
  <subfield code="a">
   n-us---
  </subfield>
 </datafield>
 <datafield ind1=" " ind2=" " tag="090">
  <subfield code="a">
   AFC 1944/002
  </subfield>
 </datafield>
 <datafield ind1="0" ind2="0" tag="245">
  <subfield code="a">
   Frances Densmore papers,
  </subfield>
  <subfield code="f">
   1883-1957.
  </subfield>
 </datafield>
 <datafield ind1=" " ind2="0" tag="264">
  <subfield code="c">
   1883-1957.
  </subfield>
 </datafield>
 <datafield ind1=" " ind2=" " tag="300">
  <subfield code="3">
   whole collection
  </subfield>
  <subfield code="a">
   3,786
  </subfield>
  <subfield code="f">
   items
  </subfield>
 </datafield>
 <datafield ind1=" " ind2=" " tag="300">
  <subfield code="3">
   whole collection
  </subfield>
  <subfield code="a">
   23
  </subfield>
  <subfield code="f">
   containers
  </subfield>
 </datafield>
 <datafield ind1=" " ind2=" " tag="300">
  <subfield code="3">
   whole collection
  </subfield>
  <subfield code="a">
   12
  </subfield>
  <subfield code="f">
   linear feet
  </subfield>
 </datafield>
 <datafield ind1=" " ind2=" " tag="300">
  <subfield code="3">
   manuscripts
  </subfield>
  <subfield code="a">
   9
  </subfield>
  <subfield code="f">
   scrapbooks
  </subfield>
 </datafield>
 <datafield ind1=" " ind2=" " tag="300">
  <subfield code="3">
   manuscripts
  </subfield>
  <subfield code="a">
   11
  </subfield>
  <subfield code="f">
   boxes (
  </subfield>
  <subfield code="a">
   9500
  </subfield>
  <subfield code="f">
   pages)
  </subfield>
 </datafield>
 <datafield ind1=" " ind2=" " tag="300">
  <subfield code="3">
   graphic materials
  </subfield>
  <subfield code="a">
   76
  </subfield>
  <subfield code="f">
   lantern slides
  </subfield>
 </datafield>
 <datafield ind1=" " ind2=" " tag="300">
  <subfield code="3">
   graphic materials
  </subfield>
  <subfield code="a">
   19
  </subfield>
  <subfield code="f">
   glass negatives
  </subfield>
 </datafield>
 <datafield ind1=" " ind2=" " tag="300">
  <subfield code="3">
   graphic materials
  </subfield>
  <subfield code="a">
   5 photographic prints :
  </subfield>
  <subfield code="b">
   black and white
  </subfield>
 </datafield>
 <datafield ind1=" " ind2=" " tag="300">
  <subfield code="3">
   graphic materials
  </subfield>
  <subfield code="a">
   1 photograph :
  </subfield>
  <subfield code="b">
   black and white, phonodeik ;
  </subfield>
  <subfield code="c">
   38 feet
  </subfield>
 </datafield>
 <datafield ind1=" " ind2=" " tag="300">
  <subfield code="3">
   artifacts
  </subfield>
  <subfield code="a">
   1 drawing :
  </subfield>
  <subfield code="b">
   birch bark
  </subfield>
 </datafield>
 <datafield ind1=" " ind2=" " tag="520">
  <subfield code="a">
   The collection documents Densmore's work as an ethnomusicologist, including her extensive work learning, recording, transcribing, and documenting the uses of American Indian music. Her papers include field notebooks, correspondence, song lists and indexes, lecture notes, scrapbooks, photographic prints, lantern glass slides, and glass plate negatives relating to her work collecting Native American music and culture. Materials are included from her work with tribes including the Chippewa, the Mandan, Hidatsa, the Sioux, the northern Pawnee of Oklahoma, the Papago (Tohono O'odham) of Arizona, American Indians of Washington and British Columbia, Winnebago and Menominee of Wisconsin, Pueblo Indians of the Southwest, the Seminoles of Florida, and the Kuna Indians of Panama. Also included in this collection are Densmore's publications and publications sent to her by anthropologists prominent in the field, a phonodeik (a photographic visualization of sound) by Dayton C. Miller, and a Chippewa birchbark drawing.
  </subfield>
 </datafield>
 <datafield ind1="8" ind2=" " tag="524">
  <subfield code="a">
   Frances Densmore papers, 1883-1957 (AFC 1944/002), Archive of Folk Culture, American Folklife Center, Library of Congress, Washington, D.C.
  </subfield>
 </datafield>
 <datafield ind1=" " ind2=" " tag="530">
  <subfield code="3">
   Digital files;
  </subfield>
  <subfield code="a">
   Access to digital content available onsite only in the Folklife Reading Room;
  </subfield>
  <subfield code="c">
   Access to digital materials needs to be arranged in advance. Please contact the Folklife Reading Room at
  </subfield>
  <subfield code="u">
   https://hdl.loc.gov/loc.afc/folklife.contact
  </subfield>
 </datafield>
 <datafield ind1="0" ind2=" " tag="506">
  <subfield code="a">
   Collection is open for research. To request materials, please contact the Folklife Reading Room at
  </subfield>
  <subfield code="u">
   https://hdl.loc.gov/loc.afc/folklife.contact
  </subfield>
 </datafield>
 <datafield ind1=" " ind2=" " tag="540">
  <subfield code="a">
   Duplication of collection materials may be governed by copyright and other restrictions.
  </subfield>
 </datafield>
 <datafield ind1=" " ind2=" " tag="541">
  <subfield code="a">
   Frances Densmore;
  </subfield>
  <subfield code="c">
   Donation;
  </subfield>
  <subfield code="d">
   1944.
  </subfield>
 </datafield>
 <datafield ind1="1" ind2=" " tag="544">
  <subfield code="a">
   Related: For associated sound recordings see Frances Densmore field recordings collections: AFC 1943/018 (Chippewa), AFC 1943/024 (Sioux and Navajo), AFC 1943/025 (Miscellaneous), AFC 1948/069 (Menominee), AFC 1948/070 (Iroquois), AFC 1948/073 (Winnebago), AFC 1948/075 (Alabama), AFC 1948/077 (Choctaw), AFC 1948/078 (Seminole and Calusa), AFC 1948/080 (Teton and Santee Sioux), AFC 1948/118 (Pawnee), AFC 1948/121 (Northern Ute), AFC 1948/122 (Madan and Hidatsa), AFC 1948/126 (Quileute), AFC 1948/131 (Papago), AFC 1948/132 (Makah), AFC 1948/133 (Quechan), AFC 1948/134 (Yaqui), AFC 1948/135 (Cocopa), AFC 1948/136 (Clayoquot), AFC 1948/137 (Mohave), AFC 1948/138 (Omaha), AFC 1948/139 (Santo Domingo Pueblo), AFC 1948/140 (Cheyenne), AFC 1948/142 (Acoma Pueblo), AFC 1948/143 (Cochiti Pueblo), AFC 1948/144 (Isleta Pueblo), AFC 1948/145 (Cuna), AFC 1948/147 (Chilliwack, British Columbia), AFC 1948/148 (Zuni), AFC 1948/149 (Unidentified), AFC 1969/026 (Winnebago), and AFC 1983/035 (Mandan and Hidasta).
  </subfield>
 </datafield>
 <datafield ind1=" " ind2=" " tag="545">
  <subfield code="a">
   Frances Densmore (1867-1957) was an American ethnomusicologist  known for her studies of Native American music and culture. During the early part of the twentieth century, she worked as a music teacher with Native Americans nationwide, while also learning, recording, and transcribing their music, and documenting its use in their culture. She helped preserve their culture in a time when government policy was to encourage Native Americans to adopt Western customs. Densmore began recording music officially for the Smithsonian Institution's Bureau of American Ethnology (BAE) in 1907. In her fifty-plus years of studying and preserving American Indian music, she collected thousands of recordings.  Many of the recordings she made on behalf of the BAE now are held in the Library of Congress. While her original recordings often were on wax cylinders, many of them have been reproduced using other media and are included in other archives. Densmore frequently was published in the journal American Anthropologist, contributing consistently throughout her career.
  </subfield>
 </datafield>
 <datafield ind1=" " ind2=" " tag="546">
  <subfield code="a">
   Collection material in English, French, Spanish, Arabic, German, Italian, Greek, and Russian.
  </subfield>
 </datafield>
 <datafield ind1="0" ind2=" " tag="555">
  <subfield code="a">
   Finding aid is available online
  </subfield>
  <subfield code="u">
   https://hdl.loc.gov/loc.afc/eadafc.af022004
  </subfield>
 </datafield>
 <datafield ind1=" " ind2="0" tag="650">
  <subfield code="a">
   Ethnomusicology.
  </subfield>
 </datafield>
 <datafield ind1=" " ind2="0" tag="650">
  <subfield code="a">
   Indians of North America
  </subfield>
  <subfield code="v">
   Music.
  </subfield>
 </datafield>
 <datafield ind1=" " ind2="0" tag="650">
  <subfield code="a">
   Songs
  </subfield>
  <subfield code="v">
   Texts.
  </subfield>
 </datafield>
 <datafield ind1=" " ind2="0" tag="650">
  <subfield code="a">
   Sound recordings
  </subfield>
  <subfield code="x">
   Collectors and collecting.
  </subfield>
 </datafield>
 <datafield ind1=" " ind2="0" tag="650">
  <subfield code="a">
   Field recordings.
  </subfield>
 </datafield>
 <datafield ind1=" " ind2="0" tag="650">
  <subfield code="a">
   Cylinder recordings.
  </subfield>
 </datafield>
 <datafield ind1=" " ind2="0" tag="650">
  <subfield code="a">
   Ojibwa art.
  </subfield>
 </datafield>
 <datafield ind1=" " ind2="0" tag="650">
  <subfield code="a">
   Ojibwa Indians.
  </subfield>
 </datafield>
 <datafield ind1=" " ind2="7" tag="655">
  <subfield code="a">
   Song texts.
  </subfield>
  <subfield code="2">
   afset
  </subfield>
 </datafield>
 <datafield ind1=" " ind2="7" tag="655">
  <subfield code="a">
   Manuscripts.
  </subfield>
  <subfield code="2">
   aat
  </subfield>
 </datafield>
 <datafield ind1=" " ind2="7" tag="655">
  <subfield code="a">
   Field notes.
  </subfield>
  <subfield code="2">
   aat
  </subfield>
 </datafield>
 <datafield ind1=" " ind2="7" tag="655">
  <subfield code="a">
   Lectures.
  </subfield>
  <subfield code="2">
   lcgft
  </subfield>
 </datafield>
 <datafield ind1=" " ind2="7" tag="655">
  <subfield code="a">
   Photographs.
  </subfield>
  <subfield code="2">
   aat
  </subfield>
 </datafield>
 <datafield ind1=" " ind2="7" tag="655">
  <subfield code="a">
   Articles.
  </subfield>
  <subfield code="2">
   aat
  </subfield>
 </datafield>
 <datafield ind1=" " ind2="7" tag="655">
  <subfield code="a">
   Correspondence.
  </subfield>
  <subfield code="2">
   aat
  </subfield>
 </datafield>
 <datafield ind1=" " ind2="7" tag="655">
  <subfield code="a">
   Translations.
  </subfield>
  <subfield code="2">
   lcsh
  </subfield>
 </datafield>
 <datafield ind1="1" ind2=" " tag="700">
  <subfield code="a">
   Densmore, Frances,
  </subfield>
  <subfield code="d">
   1867-1957,
  </subfield>
  <subfield code="e">
   collector.
  </subfield>
 </datafield>
 <datafield ind1="2" ind2=" " tag="710">
  <subfield code="a">
   Federal Cylinder Project (U.S.)
  </subfield>
 </datafield>
 <datafield ind1=" " ind2=" " tag="852">
  <subfield code="a">
   Library of Congress
  </subfield>
  <subfield code="b">
   American Folklife Center,
  </subfield>
  <subfield code="e">
   101 Independence Ave. S.E., Washington, DC USA 20540-4610
  </subfield>
  <subfield code="u">
   https://hdl.loc.gov/loc.afc/folklife.home
  </subfield>
 </datafield>
 <datafield ind1="4" ind2="2" tag="856">
  <subfield code="3">
   Finding aid
  </subfield>
  <subfield code="u">
   https://hdl.loc.gov/loc.afc/eadafc.af022004
  </subfield>
 </datafield>
 <datafield ind1=" " ind2=" " tag="985">
  <subfield code="a">
   afc/coll
  </subfield>
 </datafield>
 <datafield ind1=" " ind2=" " tag="985">
  <subfield code="a">
   afc/nac
  </subfield>
 </datafield>
 <datafield ind1=" " ind2=" " tag="985">
  <subfield code="a">
   afc/ead
  </subfield>
 </datafield>
</record>
